@inproceedings{pinelle:heuristic,
 author = {Pinelle, David and Wong, Nelson and Stach, Tadeusz},
 title = {Heuristic Evaluation for Games: Usability Principles for Video Game Design},
 booktitle = {Proceedings of the SIGCHI Conference on Human Factors in Computing Systems},
 year = {2008},
 address = {Florence, Italy},
 pages = {1453--1462},
} 


@inproceedings{nielsen:evaluation,
 author = {Nielsen, Jakob and Molich, Rolf},
 title = {Heuristic Evaluation of User Interfaces},
 booktitle = {Proceedings of the SIGCHI Conference on Human Factors in Computing Systems},
 year = {1990},
 address = {Seattle, Washington, USA},
 pages = {249--256},
} 

@misc{nielsen:heuristics,
title={{10 Usability Heuristics for User Interface Design}},
author={Nielsen, Jakob},
year={1995},
howpublished={[Online]. Available: \url{https://www.nngroup.com/articles/ten-usability-heuristics/}},
note={[Accessed: 12-May-2015]}
}

@misc{nielsen:how,
title={{How to Conduct a Heuristic Evaluation}},
author={Nielsen, Jakob},
year={1995},
howpublished={[Online]. Available: \url{https://www.nngroup.com/articles/how-to-conduct-a-heuristic-evaluation/}},
note={[Accessed: 12-May-2015]}
}